@article{Agol2020,
  author        = {{Agol}, Eric and {Luger}, Rodrigo and {Foreman-Mackey}, Daniel},
  title         = {{Analytic Planetary Transit Light Curves and Derivatives for Stars with Polynomial Limb Darkening}},
  journal       = {\aj},
  keywords      = {486, 489, 1709, 293, 1855, 38, 1711, 918, 442, 922, Astrophysics - Earth and Planetary Astrophysics, Astrophysics - Instrumentation and Methods for Astrophysics},
  year          = 2020,
  month         = mar,
  volume        = {159},
  number        = {3},
  eid           = {123},
  pages         = {123},
  doi           = {10.3847/1538-3881/ab4fee},
  archiveprefix = {arXiv},
  eprint        = {1908.03222},
  primaryclass  = {astro-ph.EP},
  adsurl        = {https://ui.adsabs.harvard.edu/abs/2020AJ....159..123A},
  adsnote       = {Provided by the SAO/NASA Astrophysics Data System}
}

@article{AlvarezCollado1989,
  title   = {Rotation of real spherical harmonics},
  journal = {Computer Physics Communications},
  volume  = {52},
  number  = {3},
  pages   = {323 - 331},
  year    = {1989},
  issn    = {0010-4655},
  doi     = {https://doi.org/10.1016/0010-4655(89)90107-0},
  author  = {Jos\'e Ram\'on \'Alvarez Collado and Jaime Fern\'andez Rico and Rafael L\'opez and Miguel Paniagua and Guillermo Ram\'irez}
}

@article{Ambikasaran2015,
  author        = {{Ambikasaran}, Sivaram and {Foreman-Mackey}, Daniel and {Greengard}, Leslie and {Hogg}, David W. and {O'Neil}, Michael},
  title         = {{Fast Direct Methods for Gaussian Processes}},
  journal       = {IEEE Transactions on Pattern Analysis and Machine Intelligence},
  keywords      = {Mathematics - Numerical Analysis, Astrophysics - Instrumentation and Methods for Astrophysics, Mathematics - Statistics Theory, Mathematics - Numerical Analysis, Astrophysics - Instrumentation and Methods for Astrophysics, Mathematics - Statistics Theory},
  year          = 2015,
  month         = jun,
  volume        = {38},
  pages         = {252},
  doi           = {10.1109/TPAMI.2015.2448083},
  archiveprefix = {arXiv},
  eprint        = {1403.6015},
  primaryclass  = {math.NA},
  adsurl        = {https://ui.adsabs.harvard.edu/abs/2015ITPAM..38..252A},
  adsnote       = {Provided by the SAO/NASA Astrophysics Data System}
}

@article{Basri2020,
  author        = {{Basri}, Gibor and {Shah}, Riya},
  title         = {{The Information Content in Analytic Spot Models of Broadband Precision Light Curves. II. Spot Distributions and Lifetimes and Global and Differential Rotation}},
  journal       = {\apj},
  keywords      = {Starspots, Stellar activity, Solar differential rotation, Light curve classification, Stellar magnetic fields, Stellar rotation, 1572, 1580, 1996, 1954, 1610, 1629, Astrophysics - Solar and Stellar Astrophysics},
  year          = 2020,
  month         = sep,
  volume        = {901},
  number        = {1},
  eid           = {14},
  pages         = {14},
  doi           = {10.3847/1538-4357/abae5d},
  archiveprefix = {arXiv},
  eprint        = {2008.04969},
  primaryclass  = {astro-ph.SR},
  adsurl        = {https://ui.adsabs.harvard.edu/abs/2020ApJ...901...14B},
  adsnote       = {Provided by the SAO/NASA Astrophysics Data System}
}

@article{Blei2016,
  author        = {{Blei}, David M. and {Kucukelbir}, Alp and {McAuliffe}, Jon D.},
  title         = {{Variational Inference: A Review for Statisticians}},
  journal       = {arXiv e-prints},
  keywords      = {Statistics - Computation, Computer Science - Machine Learning, Statistics - Machine Learning},
  year          = 2016,
  month         = jan,
  eid           = {arXiv:1601.00670},
  pages         = {arXiv:1601.00670},
  archiveprefix = {arXiv},
  eprint        = {1601.00670},
  primaryclass  = {stat.CO},
  adsurl        = {https://ui.adsabs.harvard.edu/abs/2016arXiv160100670B},
  adsnote       = {Provided by the SAO/NASA Astrophysics Data System}
}

@article{Duane1987,
  author  = {{Duane}, Simon and {Kennedy}, A.~D. and {Pendleton}, Brian J. and {Roweth}, Duncan},
  title   = {{Hybrid Monte Carlo}},
  journal = {Physics Letters B},
  year    = 1987,
  month   = sep,
  volume  = {195},
  number  = {2},
  pages   = {216-222},
  doi     = {10.1016/0370-2693(87)91197-X},
  adsurl  = {https://ui.adsabs.harvard.edu/abs/1987PhLB..195..216D},
  adsnote = {Provided by the SAO/NASA Astrophysics Data System}
}

@article{Feroz2009,
  author        = {{Feroz}, F. and {Hobson}, M.~P. and {Bridges}, M.},
  title         = {{MULTINEST: an efficient and robust Bayesian inference tool for cosmology and particle physics}},
  journal       = {\mnras},
  keywords      = {methods: data analysis, methods: statistical, Astrophysics},
  year          = 2009,
  month         = oct,
  volume        = {398},
  number        = {4},
  pages         = {1601-1614},
  doi           = {10.1111/j.1365-2966.2009.14548.x},
  archiveprefix = {arXiv},
  eprint        = {0809.3437},
  primaryclass  = {astro-ph},
  adsurl        = {https://ui.adsabs.harvard.edu/abs/2009MNRAS.398.1601F},
  adsnote       = {Provided by the SAO/NASA Astrophysics Data System}
}

@article{ForemanMackey2017,
  author        = {{Foreman-Mackey}, Daniel and {Agol}, Eric and {Ambikasaran}, Sivaram and {Angus}, Ruth},
  title         = {{Fast and Scalable Gaussian Process Modeling with Applications to Astronomical Time Series}},
  journal       = {\aj},
  keywords      = {asteroseismology, methods: data analysis, methods: statistical, planetary systems, stars: rotation, Astrophysics - Instrumentation and Methods for Astrophysics, Astrophysics - Earth and Planetary Astrophysics, Astrophysics - Solar and Stellar Astrophysics, Physics - Data Analysis, Statistics and Probability, Statistics - Applications},
  year          = 2017,
  month         = dec,
  volume        = {154},
  number        = {6},
  eid           = {220},
  pages         = {220},
  doi           = {10.3847/1538-3881/aa9332},
  archiveprefix = {arXiv},
  eprint        = {1703.09710},
  primaryclass  = {astro-ph.IM},
  adsurl        = {https://ui.adsabs.harvard.edu/abs/2017AJ....154..220F},
  adsnote       = {Provided by the SAO/NASA Astrophysics Data System}
}

@article{Hoffman2011,
  author        = {{Hoffman}, Matthew D. and {Gelman}, Andrew},
  title         = {{The No-U-Turn Sampler: Adaptively Setting Path Lengths in Hamiltonian Monte Carlo}},
  journal       = {arXiv e-prints},
  keywords      = {Statistics - Computation, Computer Science - Machine Learning},
  year          = 2011,
  month         = nov,
  eid           = {arXiv:1111.4246},
  pages         = {arXiv:1111.4246},
  archiveprefix = {arXiv},
  eprint        = {1111.4246},
  primaryclass  = {stat.CO},
  adsurl        = {https://ui.adsabs.harvard.edu/abs/2011arXiv1111.4246H},
  adsnote       = {Provided by the SAO/NASA Astrophysics Data System}
}

@article{Kucukelbir2016,
  author        = {{Kucukelbir}, Alp and {Tran}, Dustin and {Ranganath}, Rajesh and {Gelman}, Andrew and {Blei}, David M.},
  title         = {{Automatic Differentiation Variational Inference}},
  journal       = {arXiv e-prints},
  keywords      = {Statistics - Machine Learning, Computer Science - Artificial Intelligence, Computer Science - Machine Learning, Statistics - Computation},
  year          = 2016,
  month         = mar,
  eid           = {arXiv:1603.00788},
  pages         = {arXiv:1603.00788},
  archiveprefix = {arXiv},
  eprint        = {1603.00788},
  primaryclass  = {stat.ML},
  adsurl        = {https://ui.adsabs.harvard.edu/abs/2016arXiv160300788K},
  adsnote       = {Provided by the SAO/NASA Astrophysics Data System}
}

@article{Luger2019,
  author        = {{Luger}, Rodrigo and {Agol}, Eric and {Foreman-Mackey}, Daniel and
                  {Fleming}, David P. and {Lustig-Yaeger}, Jacob and {Deitrick}, Russell},
  title         = {{starry: Analytic Occultation Light Curves}},
  journal       = {\aj},
  keywords      = {eclipses, methods: analytical, occultations, techniques: photometric, Astrophysics - Instrumentation and Methods for Astrophysics, Astrophysics - Earth and Planetary Astrophysics, Astrophysics - Solar and Stellar Astrophysics},
  year          = {2019},
  month         = {Feb},
  volume        = {157},
  number        = {2},
  eid           = {64},
  pages         = {64},
  doi           = {10.3847/1538-3881/aae8e5},
  archiveprefix = {arXiv},
  eprint        = {1810.06559},
  primaryclass  = {astro-ph.IM},
  adsurl        = {https://ui.adsabs.harvard.edu/abs/2019AJ....157...64L},
  adsnote       = {Provided by the SAO/NASA Astrophysics Data System}
}

@article{Luger2020,
  author  = {{Luger}, Rodrigo},
  title   = {{Normalized Gaussian Processes}},
  journal = {in preparation},
  year    = {2020},
  month   = {Dec}
}

@article{Morris2018,
  author        = {{Morris}, Brett M. and {Agol}, Eric and {Davenport}, James R.~A. and {Hawley}, Suzanne L.},
  title         = {{Possible Bright Starspots on TRAPPIST-1}},
  journal       = {\apj},
  keywords      = {stars: activity, stars: atmospheres, stars: flare, stars: individual: TRAPPIST-1, stars: low-mass, starspots, Astrophysics - Solar and Stellar Astrophysics, Astrophysics - Earth and Planetary Astrophysics},
  year          = 2018,
  month         = apr,
  volume        = {857},
  number        = {1},
  eid           = {39},
  pages         = {39},
  doi           = {10.3847/1538-4357/aab6a5},
  archiveprefix = {arXiv},
  eprint        = {1803.04543},
  primaryclass  = {astro-ph.SR},
  adsurl        = {https://ui.adsabs.harvard.edu/abs/2018ApJ...857...39M},
  adsnote       = {Provided by the SAO/NASA Astrophysics Data System}
}



@article{Speagle2020,
  author        = {{Speagle}, Joshua S.},
  title         = {{DYNESTY: a dynamic nested sampling package for estimating Bayesian posteriors and evidences}},
  journal       = {\mnras},
  keywords      = {methods: data analysis, methods: statistical, Astrophysics - Instrumentation and Methods for Astrophysics, Statistics - Computation},
  year          = 2020,
  month         = apr,
  volume        = {493},
  number        = {3},
  pages         = {3132-3158},
  doi           = {10.1093/mnras/staa278},
  archiveprefix = {arXiv},
  eprint        = {1904.02180},
  primaryclass  = {astro-ph.IM},
  adsurl        = {https://ui.adsabs.harvard.edu/abs/2020MNRAS.493.3132S},
  adsnote       = {Provided by the SAO/NASA Astrophysics Data System}
}

@inproceedings{Skilling2004,
  author    = {{Skilling}, John},
  title     = {{Nested Sampling}},
  keywords  = {02.50.Tt, Inference methods},
  booktitle = {Bayesian Inference and Maximum Entropy Methods in Science and Engineering: 24th International Workshop on Bayesian Inference and Maximum Entropy Methods in Science and Engineering},
  year      = 2004,
  editor    = {{Fischer}, Rainer and {Preuss}, Roland and {Toussaint}, Udo Von},
  series    = {American Institute of Physics Conference Series},
  volume    = {735},
  month     = nov,
  pages     = {395-405},
  doi       = {10.1063/1.1835238},
  adsurl    = {https://ui.adsabs.harvard.edu/abs/2004AIPC..735..395S},
  adsnote   = {Provided by the SAO/NASA Astrophysics Data System}
}

@article{Skilling2006,
  author    = {Skilling, John},
  doi       = {10.1214/06-BA127},
  fjournal  = {Bayesian Analysis},
  journal   = {Bayesian Anal.},
  month     = {12},
  number    = {4},
  pages     = {833--859},
  publisher = {International Society for Bayesian Analysis},
  title     = {Nested sampling for general Bayesian computation},
  url       = {https://doi.org/10.1214/06-BA127},
  volume    = {1},
  year      = {2006}
}
